
@inproceedings{1gilad2016cryptonets,
  title={Cryptonets: Applying neural networks to encrypted data with high throughput and accuracy},
  author={Gilad-Bachrach, Ran and Dowlin, Nathan and Laine, Kim and Lauter, Kristin and Naehrig, Michael and Wernsing, John},
  booktitle={International Conference on Machine Learning},
  pages={201--210},
  year={2016},
  url= {https://www.microsoft.com/en-us/research/wp-content/uploads/2016/04/CryptonetsTechReport.pdf}}

@article{deowlin2017manual,
  title={Manual for using homomorphic encryption for bioinformatics},
  author={Dowlin, Nathan and Gilad-Bachrach, Ran and Laine, Kim and Lauter, Kristin and Naehrig, Michael and Wernsing, John},
  journal={Proceedings of the IEEE},
  volume={105},
  number={3},
  pages={552--567},
  year={2017},
  publisher={IEEE},
  url= {https://www.microsoft.com/en-us/research/wp-content/uploads/2015/11/ManualHE.pdf}}
@article{rapport_stage,
  title={Rapport de stage Étude et implantation de chiffrement homomorphe},
  author={Mathieu Valois},
  year={2016},
  url= {https://blog.matlink.fr/static/etude-implantation-chiffrement-homomorphe.pdf}}
@misc{code_HE_lr,
title={homomorphic encryption ML (linear regression)},
  author={Benissa Sami},
  year={2017},
  url= {https://github.com/SBENISSA369/homomorphic-encryption-ML/blob/master/Linear_seal.cpp}}
@misc{code_HE_logistic_reg,
title={homomorphic encryption ML (logistic regression)},
  author={Benissa Sami},
  year={2017},
  url= {https://github.com/SBENISSA369/Logistic-regression-Homomorphic-encryption-/blob/approximate/Logistic_seal_app.cpp}}
@article{delahaye_PLS,
author = {J.-P. DELAHAYE},
title={Déléguer un calcul sans divulguer ses données },
journal = {Pour la science},
year= {2015},
month={October},
volume={456}}

@misc{Brownlee_ML_mastery,
author = {Dr. Jason Brownlee},
title = {machine learning mastery},
url= {https://machinelearningmastery.com}
}
@misc{openCRforML,
title = {openclassroom for machine learning},
url= {http://openclassroom.stanford.edu}
}

@article{morris2013analysis,
  title={Analysis of partially and fully homomorphic encryption},
  author={Morris, Liam},
  journal={Rochester Institute of Technology, New York},
  pages={5},
  year={2013}
}
